<?xml version="1.0" encoding="UTF-8"?><record xmlns="http://www.loc.gov/MARC21/slim" xmlns:cinclude="http://apache.org/cocoon/include/1.0" xmlns:zs="http://www.loc.gov/zing/srw/">
  <leader>00467cz  a2200133n  4500</leader>
  <controlfield tag="001">n  88618764 </controlfield>
  <controlfield tag="003">DLC</controlfield>
  <controlfield tag="005">20080229073330.0</controlfield>
  <controlfield tag="008">880311n| acannaabn          |n aad      </controlfield>
  <datafield tag="010" ind1=" " ind2=" ">
    <subfield code="a">n  88618764 </subfield>
  </datafield>
  <datafield tag="035" ind1=" " ind2=" ">
    <subfield code="a">(OCoLC)oca02225040</subfield>
  </datafield>
  <datafield tag="040" ind1=" " ind2=" ">
    <subfield code="a">DLC</subfield>
    <subfield code="b">eng</subfield>
    <subfield code="c">DLC</subfield>
    <subfield code="d">OCoLC</subfield>
  </datafield>
  <datafield tag="100" ind1="1" ind2=" ">
    <subfield code="a">Owen, Aubrey</subfield>
  </datafield>
  <datafield tag="670" ind1=" " ind2=" ">
    <subfield code="a">nuc88-30035: National Passive Solar Conference (8th : 1983 : Santa Fe, N.M.). Eighth National Passive Solar ... 1983</subfield>
    <subfield code="b">(hdg. on NmU rept.: Owen, Aubrey; usage: Aubrey Owen)</subfield>
  </datafield>
</record>